<record><leader>00000cas a22000007a 4500</leader><controlfield tag="001">10287680</controlfield><controlfield tag="008">840111d18601861moudn ne      0    0eng  </controlfield><controlfield tag="009">466</controlfield><datafield ind1=" " ind2=" " tag="010"><subfield code="a">sn 84020058 </subfield></datafield><datafield ind1=" " ind2=" " tag="040"><subfield code="a">DLC</subfield><subfield code="b">eng</subfield><subfield code="c">DLC</subfield><subfield code="d">MQN</subfield></datafield><datafield ind1="1" ind2=" " tag="029"><subfield code="a">AU@</subfield><subfield code="b">000025803952</subfield></datafield><datafield ind1=" " ind2=" " tag="042"><subfield code="a">msc</subfield></datafield><datafield ind1="0" ind2="0" tag="050"><subfield code="a">Newspaper</subfield></datafield><datafield ind1="0" ind2=" " tag="130"><subfield code="a">Daily Kansas City western journal of commerce (Kansas City, Mo. : 1860)</subfield></datafield><datafield ind1="0" ind2="0" tag="245"><subfield code="a">Daily Kansas City wsetern [sic] journal of commerce.</subfield></datafield><datafield ind1="0" ind2="0" tag="246"><subfield code="a">Daily Kansas City western journal of commerce</subfield></datafield><datafield ind1="1" ind2="3" tag="246"><subfield code="a">Daily journal of commerce</subfield></datafield><datafield ind1=" " ind2=" " tag="260"><subfield code="a">City of Kansas [Kansas City, Mo.] :</subfield><subfield code="b">D.K. Abeel,</subfield><subfield code="c">1860-1861.</subfield></datafield><datafield ind1=" " ind2=" " tag="300"><subfield code="a">v.</subfield></datafield><datafield ind1=" " ind2=" " tag="310"><subfield code="a">Daily (except Mon.)</subfield></datafield><datafield ind1="0" ind2=" " tag="362"><subfield code="a">Vol. 5, no. 44 (Aug. 3, 1860)-v. 6, no. 73 (Mar. 7, 1861).</subfield></datafield><datafield ind1=" " ind2=" " tag="515"><subfield code="a">Publication suspended Mar. 7-May 14, 1861; resumed May 15, 1861 under new title.</subfield></datafield><datafield ind1=" " ind2=" " tag="580"><subfield code="a">Weekly eds.: Western journal of commerce (Kansas City, Mo. : 1857), Aug. 3, 1860-Feb. 14, 1861; Weekly western journal of commerce (Kansas City, Mo. : 1861), Feb. 21-Mar. 7, 1861.</subfield></datafield><datafield ind1=" " ind2=" " tag="752"><subfield code="a">United States</subfield><subfield code="b">Missouri</subfield><subfield code="c">Jackson</subfield><subfield code="d">Kansas City.</subfield></datafield><datafield ind1="1" ind2=" " tag="775"><subfield code="t">Western journal of commerce (Kansas City, Mo. : 1857)</subfield><subfield code="w">(DLC)sn 83025340</subfield></datafield><datafield ind1="1" ind2=" " tag="775"><subfield code="t">Weekly western journal of commerce (Kansas City, Mo. : 1861)</subfield><subfield code="w">(DLC)sn 84020052</subfield></datafield><datafield ind1="0" ind2="0" tag="780"><subfield code="t">Daily Kansas City journal of commerce</subfield><subfield code="w">(DLC)sn 84020057</subfield></datafield><datafield ind1="0" ind2="0" tag="785"><subfield code="t">Daily journal of commerce--Extra</subfield><subfield code="w">(DLC)sn 84020059</subfield></datafield></record>